@book{hamilton1847elements,
    title={Elements of Quaternions},
    author={Hamilton, Sir William Rowan},
    year={1847},
    publisher={Longmans, Green, and Company},
    address={London}
}

@article{conway1997quaternions,
    title={Quaternions and Octonions},
    author={Conway, John H and Smith, Derek A},
    journal={The American Mathematical Monthly},
    volume={104},
    number={2},
    pages={299-301},
    year={1997},
    publisher={Taylor \& Francis}
}

@book{kuipers1999quaternions,
    title={Quaternions and Rotation Sequences},
    author={Kuipers, Jack B},
    year={1999},
    publisher={Princeton University Press},
    address={Princeton, NJ}
}

@article{ward1997quaternions,
    title={Quaternions and Cayley Numbers: Algebra and Applications},
    author={Ward, John},
    journal={Mathematics and its Applications},
    volume={403},
    year={1997},
    publisher={Kluwer Academic Publishers},
    address={Dordrecht, The Netherlands}
}
